@Article{Richards2002,
  Title                    = {Kuhnian valures and cladistic parsimony},
  Author                   = {Richards, R.},
  Journal                  = {Perspectives on Science},
  Year                     = {2002},
  Pages                    = {1-27},
  Volume                   = {10}
}

@Article{Neff1986,
  Title                    = {A rational basis for a priori character weigthing},
  Author                   = {Neff, N.A.},
  Journal                  = {Systematic Zoology},
  Year                     = {1986},
  Pages                    = {110-123},
  Volume                   = {35}
}

@Article{R&K2001,
  Title                    = {The origin of snakes: limits of a scientific debate},
  Author                   = {Rieppel, O. and Kearney, M.},
  Journal                  = {Biologist},
  Year                     = {2001},
  Number                   = {3},
  Pages                    = {110-114},
  Volume                   = {48}
}

@article{wiens2001,
  Title 				   = {Character analysis in morphological phylogenetics: problems and solutions},
  Author                   = {Wiens, J.J.},
  Journal				   = {Systematic Biology},
  Year                     = {2001},
  Number                   = {5},
  Pages                    = {689--699},
  Volume                   = {50},
} 

@article{kluge2002,
  Title                    = {Distinguishing “or” from “and” and the case for historical identification},
  Author                   = {Kluge, A.G.},
  Journal                  = {Cladistics},
  Year                     = {2002},
  Number                   = {6},
  Pages                    = {585--593},
  Volume                   = {18},
}

@Article{Grant2004,
  Title                    = {Transformation series as an ideographic character concept},
  Author                   = {Grant, T. and Kluge, A.G},
  Journal                  = {Cladistics},
  Year                     = {2004},
  Pages                    = {23-31},
  Volume                   = {20}
}

@Article{Patterson1981,
  Title                    = {Significance of fossils in determining evolutionary relationships},
  Author                   = {Patterson, C.},
  Journal                  = {Annual Review of Ecology and Systematics},
  Year                     = {1981},
  Pages                    = {195-223},
  Volume                   = {12}
}

@book{wiley2011,
  Ttitle                    = {Phylogenetics: theory and practice of phylogenetic systematics},
  Author                    = {Wiley, E.O. and Lieberman, B.S.},
  Year                      = {2011},
  Publisher                 = {John Wiley \& Sons}
} 

@Article{Scotland2003,
  Title                    = {Phylogeny reconstruction: the role of morphology},
  Author                   = {Scotland, R. W. and Olmstead, R.G. and Bennett, J.R.},
  Journal                  = {Systematic Biology},
  Year                     = {2003},
  Pages                    = {539-548},
  Volume                   = {52}
}

@Article{Sokal1983,
  Title                    = {A phylogenetic analysis of the Caminalcules. I. The data base},
  Author                   = {Sokal, R.R.},
  Journal                  = {Systematic Zoology},
  Year                     = {1983},
  Pages                    = {159-184},
  Volume                   = {32(2)}
}









@Article{Strong1999,
  Title                    = {Character codding and inaplicable data},
  Author                   = {E.E. Strong and D. Lipscomb},
  Journal                  = {Cladistics},
  Year                     = {1999},
  Pages                    = {363-371},
  Volume                   = {15}
}

@Article{Giribet1999,
  Title                    = {On Gaps },
  Author                   = {Giribet, G. and Wheeler, W.C.},
  Journal                  = {Molecular Phylogenetics and Evolution },
  Year                     = {1999},
  Number                   = {1},
  Pages                    = {132 - 143},
  Volume                   = {13},
}

@article{paradis2008,
  Title                    = {The ape package},
  Author                   = {Paradis, E. and Bolker, B. and Claude, J. and Cuong, H.S. and Desper, R. and Durand, B. and Dutheil, J. and Gascuel, O. and Jobb, G. and Heibl, C. and others},
  Journal                  = {Analyses of Phylogenetics and Evolution},
  Year                     = {2008}
}

@Article{Maddison1997,
  Title                    = {NEXUS: an extensible file format for systematic information},
  Author                   = {Maddison, David R and Swofford, David L and Maddison, Wayne P},
  Journal                  = {Systematic Biology},
  Year                     = {1997},
  Pages                    = {590-621},
  Volume                   = {46}
}

@Article{Nelson1979,
  Title                    = {Cladistic analysis and synthesis: principles and definitions, with a historical note on Adanson- Familles des plants (1763-1764)},
  Author                   = {Nelson,G.},
  Journal                  = {Systematic Zoology},
  Year                     = {1979},
  Pages                    = {1-21},
  Volume                   = {28}
}

@Article{Goloboff1998,
  Title                    = {Tree searches under Sankoff parsimony},
  Author                   = {Goloboff, P.A.},
  Journal                  = {Cladistics},
  Year                     = {1998},
  Pages                    = {229-237},
  Volume                   = {14}
}

@Article{Coddington1994,
  Title                    = {Problems with zero-length branches},
  Author                   = {Coddington, J. and Scharff, N.},
  Journal                  = {Cladistics},
  Year                     = {1994},
  Pages                    = {415-423},
  Volume                   = {10}
}
