@Article{Richards2002,
  Title                    = {Kuhnian valures and cladistic parsimony},
  Author                   = {Richards, R.},
  Journal                  = {Perspectives on Science},
  Year                     = {2002},
  Pages                    = {1-27},
  Volume                   = {10}
}

@Article{Neff1986,
  Title                    = {A rational basis for a priori character weigthing},
  Author                   = {Neff, N.A.},
  Journal                  = {Systematic Zoology},
  Year                     = {1986},
  Pages                    = {110-123},
  Volume                   = {35}
}

@Article{R&K2001,
  Title                    = {The origin of snakes: limits of a scientific debate},
  Author                   = {Rieppel, O. and Kearney, M.},
  Journal                  = {Biologist},
  Year                     = {2001},
  Number                   = {3},
  Pages                    = {110-114},
  Volume                   = {48}
}

@article{wiens2001,
  Title 				   = {Character analysis in morphological phylogenetics: problems and solutions},
  Author                   = {Wiens, J.J.},
  Journal				   = {Systematic Biology},
  Year                     = {2001},
  Number                   = {5},
  Pages                    = {689--699},
  Volume                   = {50},
} 

@article{kluge2002,
  Title                    = {Distinguishing “or” from “and” and the case for historical identification},
  Author                   = {Kluge, A.G.},
  Journal                  = {Cladistics},
  Year                     = {2002},
  Number                   = {6},
  Pages                    = {585--593},
  Volume                   = {18},
}

@Article{Grant2004,
  Title                    = {Transformation series as an ideographic character concept},
  Author                   = {Grant, T. and Kluge, A.G},
  Journal                  = {Cladistics},
  Year                     = {2004},
  Pages                    = {23-31},
  Volume                   = {20}
}

@Article{Patterson1981,
  Title                    = {Significance of fossils in determining evolutionary relationships},
  Author                   = {Patterson, C.},
  Journal                  = {Annual Review of Ecology and Systematics},
  Year                     = {1981},
  Pages                    = {195-223},
  Volume                   = {12}
}

@book{wiley2011,
  Ttitle                    = {Phylogenetics: theory and practice of phylogenetic systematics},
  Author                    = {Wiley, E.O. and Lieberman, B.S.},
  Year                      = {2011},
  Publisher                 = {John Wiley \& Sons}
} 

@Article{Scotland2003,
  Title                    = {Phylogeny reconstruction: the role of morphology},
  Author                   = {Scotland, R. W. and Olmstead, R.G. and Bennett, J.R.},
  Journal                  = {Systematic Biology},
  Year                     = {2003},
  Pages                    = {539-548},
  Volume                   = {52}
}

@Article{Sokal1983,
  Title                    = {A phylogenetic analysis of the Caminalcules. I. The data base},
  Author                   = {Sokal, R.R.},
  Journal                  = {Systematic Zoology},
  Year                     = {1983},
  Pages                    = {159-184},
  Volume                   = {32(2)}
}









@Article{Strong1999,
  Title                    = {Character codding and inaplicable data},
  Author                   = {E.E. Strong and D. Lipscomb},
  Journal                  = {Cladistics},
  Year                     = {1999},
  Pages                    = {363-371},
  Volume                   = {15}
}

@Article{Giribet1999,
  Title                    = {On Gaps },
  Author                   = {Giribet, G. and Wheeler, W.C.},
  Journal                  = {Molecular Phylogenetics and Evolution },
  Year                     = {1999},
  Number                   = {1},
  Pages                    = {132 - 143},
  Volume                   = {13},
}

@article{paradis2008,
  Title                    = {The ape package},
  Author                   = {Paradis, E. and Bolker, B. and Claude, J. and Cuong, H.S. and Desper, R. and Durand, B. and Dutheil, J. and Gascuel, O. and Jobb, G. and Heibl, C. and others},
  Journal                  = {Analyses of Phylogenetics and Evolution},
  Year                     = {2008}
}

@Article{Maddison1997,
  Title                    = {NEXUS: an extensible file format for systematic information},
  Author                   = {Maddison, David R and Swofford, David L and Maddison, Wayne P},
  Journal                  = {Systematic Biology},
  Year                     = {1997},
  Pages                    = {590-621},
  Volume                   = {46}
}

@Article{Nelson1979,
  Title                    = {Cladistic analysis and synthesis: principles and definitions, with a historical note on Adanson- Familles des plants (1763-1764)},
  Author                   = {Nelson,G.},
  Journal                  = {Systematic Zoology},
  Year                     = {1979},
  Pages                    = {1-21},
  Volume                   = {28}
}

@Article{Goloboff1998,
  Title                    = {Tree searches under Sankoff parsimony},
  Author                   = {Goloboff, P.A.},
  Journal                  = {Cladistics},
  Year                     = {1998},
  Pages                    = {229-237},
  Volume                   = {14}
}

@Article{Coddington1994,
  Title                    = {Problems with zero-length branches},
  Author                   = {Coddington, J. and Scharff, N.},
  Journal                  = {Cladistics},
  Year                     = {1994},
  Pages                    = {415-423},
  Volume                   = {10}
}

@Article{Camin1965,
  Title                    = {A method for deducing branching sequence in phylogeny},
  Author                   = {Camin, J.H. and Sokal, R.R.},
  Journal                  = {Evolution},
  Year                     = {1965},
  Pages                    = {311-326},
  Volume                   = {19}
}

@Article{Kluge1969,
  Title                    = {Quantitative phyletics and the evolution of anurans},
  Author                   = {Kluge, A.G. and Farris, J.S.},
  Journal                  = {Systematic Zoology},
  Year                     = {1969},
  Pages                    = {1-32},
  Volume                   = {18}
}

@Article{Farris1970,
  Title                    = {Methods for computing Wagner trees},
  Author                   = {Farris, J.S.},
  Journal                  = {Systematic Zoology},
  Year                     = {1970},
  Pages                    = {83-92},
  Volume                   = {19}
}

@Article{Farris1970a,
  Title                    = {On predictivity and efficiency},
  Author                   = {Farris, J.S. and Kluge, A.G. and Eckardt, M.J.},
  Journal                  = {Systematic Zoology},
  Year                     = {1970},
  Pages                    = {363-72},
  Volume                   = {19}
}

@Article{Farris1969,
  Title                    = {A successive approximations approach to character weighting},
  Author                   = {Farris, J.S.},
  Journal                  = {Systematic Biology},
  Year                     = {1969},
  Number                   = {4},
  Pages                    = {374--385},
  Volume                   = {18},
}

@Article{Fitch1971,
  Title                    = {Toward defining the course of evolution: minimum change for a specific tree topology},
  Author                   = {Fitch, W.M.},
  Journal                  = {Systematic Zoology},
  Year                     = {1971},
  Pages                    = {406-416},
  Volume                   = {20}
}

@Book{Wagner1961,
  Title                    = {Problems in classification of ferns. Recent advances in botany},
  Author                   = {Wagner, W.H.},
  Journal                  = {Recent advances in botany Univ. Toronto Press},
  Year                     = {1961},
  Pages                    = {841-844}
  Volume                   = {1},
}

@Article{Farris1996,
  Title                    = {Parsimony jackknifing outperforms neighbor-joining},
  Author                   = {Farris, J.S. and Albert, V.A and Kallersjo, M. and Lipscomb, D. and Kluge, A.G.},
  Journal                  = {Cladistics},
  Year                     = {1996},
  Pages                    = {99-24},
  Volume                   = {12}
}

@Article{Goloboff1997,
  Title                    = {Self-weighted optimization: Tree searches and state reconstructions under implied transformation costs},
  Author                   = {Goloboff, P.A},
  Journal                  = {Cladistics},
  Year                     = {1997},
  Pages                    = {225-245},
  Volume                   = {13}
}

@Article{Goloboff2001,
  Title                    = {Methods for quick consensus estimation},
  Author                   = {Goloboff, P.A. and Farris, J.S.},
  Journal                  = {Cladistics},
  Year                     = {2001},
  Pages                    = {S26-S34},
  Volume                   = {17}
}

@Article{Nixon1999,
  Title                    = {The parsimony ratchet, a new method for rapid parsimony analysis.},
  Author                   = {Nixon, K.C.},
  Journal                  = {Cladistics},
  Year                     = {1999},
  Pages                    = {407-414},
  Volume                   = {15}
}

@Article{Quicke2001,
  Title                    = {Changing the landscape: a new strategy for estimating large phylogenies},
  Author                   = {Quicke, D.L.J.and Taylor, J. and Purvis, A.},
  Journal                  = {Systematic Biology},
  Year                     = {2001},
  Pages                    = {60-66},
  Volume                   = {50}
}

@Article{Goloboff1999,
  Title                    = {Analyzing large data sets in reasonable times: solutions for composite optima.},
  Author                   = {Goloboff, P.A},
  Journal                  = {Cladistics},
  Year                     = {1999},
  Pages                    = {415-428},
  Volume                   = {15}
}

@Article{Neff1986,
  Title                    = {A rational basis for a priori character weigthing},
  Author                   = {Neff, N.A.},
  Journal                  = {Systematic Zoology},
  Year                     = {1986},
  Pages                    = {110-123},
  Volume                   = {35}
}

@Article{Kluge1997,
  Title                    = {Sophisticated falsification and research cycles: Consequences for differential character weighting in phylogenetic systematics},
  Author                   = {Kluge, A.G.},
  Journal                  = {Zoologica Scripta},
  Year                     = {1997},
  Number                   = {4},
  Pages                    = {349--360},
  Volume                   = {26},
}

@Article{Goloboff1993,
  Title                    = {Estimating character weights during tree search},
  Author                   = {Goloboff, P.A.},
  Journal                  = {Cladistics},
  Year                     = {1993},
  Number                   = {1},
  Pages                    = {83--91},
  Volume                   = {9},
}

@Article{Goloboff1995,
  Title                    = {Parsimony and weighting: A reply to Turner and Zandee},
  Author                   = {Goloboff, P.A.},
  Journal                  = {Cladistics },
  Year                     = {1995},
  Number                   = {1},
  Pages                    = {91 - 104},
  Volume                   = {11},
}

@Article{Kluge1969,
  Title                    = {Quantitative phyletics and the evolution of anurans},
  Author                   = {Kluge, A.G. and Farris, J.S},
  Journal                  = {Systematic Zoology},
  Year                     = {1969},
  Pages                    = {1-32},
  Volume                   = {18}
}

@InBook{Swofford1996,
  Title                    = {Phylogenetic Inference},
  Author                   = {Swofford, D.L. and Olsen, G.J. and Waddell, P.J. and Hillis, D.M.},
  Chapter                  = {11},
  Editor                   = {In Hiillis DM, Moritz D, and Mable BK, editors},
  Pages                    = {pp. 407-514},
  Publisher                = {Sinauer Associates, Sunderland, Massachusetts.},
  Year                     = {1996}
}

@Article{Farris1969,
  Title                    = {A successive approximations approach to character weighting},
  Author                   = {Farris, J.S.},
  Journal                  = {Systematic Biology},
  Year                     = {1969},
  Number                   = {4},
  Pages                    = {374--385},
  Volume                   = {18},
}

@Misc{Kjer2001,
  Title                    = {Data from: Phylogeny of Trichoptera (caddisflies): characterization of signal and noise within multiple datasets},
  Author                   = {Kjer, K.M. and Blahnik, R.J. and Holzenthal, R.W.},
  Year                     = {2001},
}

@article{kjer2002,
  Title                    = {Phylogeny of caddisflies (Insecta, Trichoptera)},
  Author                   = {Kjer, Karl M and Blahnik, Roger J and Holzenthal, Ralph W},
  journal                  = {Zoologica Scripta},
  Year                     = {2002},  
  Number                   = {1},
  Pages                    = {83--91},
  Volume                   = {31},
}

@article{Farris2001,
  Title                    = {Support weighting},
  Author                   = {Farris, J.S.},
  Journal                  = {Cladistics},
  Year                     = {2001},
  Number                   = {4},
  Pages                    = {389--394},
  Volume                   = {17},
}

@Article{Jukes1969,
  Title                    = {Evolution of protein molecules, Munro HN, Mammalian protein metabolism},
  Author                   = {Jukes, T.H. and Cantor, C. R.},
  Year                     = {1969},
  Pages                    = {21-132}
}

@Book{Felsenstein2004,
  Title                    = {Inferring phylogenies},
  Author                   = {Felsenstein, J.},
  Publisher                = {Sinauer Associates Sunderland},
  Year                     = {2004},
  Volume                   = {2}
}

@Book{Steel2002,
  Title                    = {Molecular Systematics and Evolution: Theory and Practice
Some statistical aspects of the maximum parsimony method},
  Author                   = {Steel, M.},
  Publisher                = {Birkhauser},
  Year                     = {2002},
  Number                   = {125-140}
}

@book{Farris1983,
  Title                    = {The logical basis of phylogenetic analysis},
  Author                   = {Farris, J.},
  Year                     = {1983},
}

@Article{Lewis2001,
  Title                    = {A likelihood approach to estimating phylogeny from discrete morphological character data},
  Author                   = {Lewis, P.},
  Journal                  = {Systematic Biology},
  Year                     = {2001},
  Pages                    = {913-925},
  Volume                   = {50}
}
